@Book{Fred10,
  author = 	 {Fred Smith},
  title = 	 {The Simple Book},
  publisher = 	 {Pan},
  year = 	 2010}

